<collection xmlns="http://www.loc.gov/MARC21/slim">
   <record>
      <leader>03372cam a2200397 i 4500</leader>
      <controlfield tag="001">6677745</controlfield>
      <controlfield tag="003">FlBoTFG</controlfield>
      <controlfield tag="005">20140910124938.0</controlfield>
      <controlfield tag="006">m    ||  d |      </controlfield>
      <controlfield tag="007">cr |||</controlfield>
      <controlfield tag="008">140910t20152015fluad   ob    001 0 eng d</controlfield>
      <datafield ind1=" " ind2=" " tag="020">
         <subfield code="a">9781466598614 (e-book : PDF)</subfield>
      </datafield>
      <datafield ind1=" " ind2=" " tag="035">
         <subfield code="a">ocn890721119</subfield>
      </datafield>
      <datafield ind1=" " ind2=" " tag="039">
         <subfield code="a">exclude</subfield>
      </datafield>
      <datafield ind1=" " ind2=" " tag="040">
         <subfield code="a">FlBoTFG</subfield>
         <subfield code="b">eng</subfield>
         <subfield code="c">FlBoTFG</subfield>
         <subfield code="e">rda</subfield>
         <subfield code="d">AEU</subfield>
      </datafield>
      <datafield ind1=" " ind2="4" tag="050">
         <subfield code="a">RM666.H33</subfield>
         <subfield code="b">.A4948 2015</subfield>
      </datafield>
      <datafield ind1="0" ind2=" " tag="082">
         <subfield code="a">615.321</subfield>
         <subfield code="b">A527</subfield>
      </datafield>
      <datafield ind1=" " ind2=" " tag="090">
         <subfield code="a">Internet Access</subfield>
         <subfield code="b">AEU</subfield>
      </datafield>
      <datafield ind1="0" ind2=" " tag="100">
         <subfield code="a">Amritpal Singh,</subfield>
         <subfield code="d">1971-</subfield>
         <subfield code="0">http://id.loc.gov/authorities/names/n2006171037</subfield>
         <subfield code="0">http://viaf.org/viaf/53569280</subfield>
      </datafield>
      <datafield ind1="1" ind2="0" tag="245">
         <subfield code="a">Herbal drugs as therapeutic agents /</subfield>
         <subfield code="c">Amritpal Singh Saroya, herbal consultant.</subfield>
      </datafield>
      <datafield ind1=" " ind2="1" tag="264">
         <subfield code="a">Boca Raton :</subfield>
         <subfield code="b">CRC Press,</subfield>
         <subfield code="c">2015.</subfield>
      </datafield>
      <datafield ind1=" " ind2="4" tag="264">
         <subfield code="c">©2015</subfield>
      </datafield>
      <datafield ind1=" " ind2=" " tag="300">
         <subfield code="a">1 online resource :</subfield>
         <subfield code="b">text file, PDF</subfield>
      </datafield>
      <datafield ind1=" " ind2=" " tag="336">
         <subfield code="a">text</subfield>
         <subfield code="2">rdacontent</subfield>
         <subfield code="0">http://id.loc.gov/vocabulary/contentTypes/txt</subfield>
      </datafield>
      <datafield ind1=" " ind2=" " tag="337">
         <subfield code="a">computer</subfield>
         <subfield code="2">rdamedia</subfield>
         <subfield code="0">http://id.loc.gov/vocabulary/mediaTypes/c</subfield>
      </datafield>
      <datafield ind1=" " ind2=" " tag="338">
         <subfield code="a">online resource</subfield>
         <subfield code="2">rdacarrier</subfield>
         <subfield code="0">http://id.loc.gov/vocabulary/carriers/cr</subfield>
      </datafield>
      <datafield ind1=" " ind2=" " tag="504">
         <subfield code="a">Includes bibliographical references and index.</subfield>
      </datafield>
      <datafield ind1="0" ind2=" " tag="505">
         <subfield code="a">chapter 1. Withanolides : phytoconstituents with significant pharmacological activities -- chapter 2. An insight into anticancer mechanism of Withaferin A -- chapter 3. Complementary and alternative medicine approaches in the treatment of cancer -- chapter 4. A scientific review of anticancer and cytotoxic potential of sesquiterpenoids -- chapter 5. Berberine-alkaloid with broad spectrum of pharmacological activities -- chapter 6. Protopine : an isoquinoline alkaloid with diverse pharmacological profile -- chapter 7. Piperine : review of advances in pharmacology -- chapter 8. Pharmacological profile of oxoaporphine alkaloid, liriodenine -- chapter 9. Recent experimental advances in hepatoprotective potential of andrographolide -- chapter 10. Profile of hypericin-napthodianthrone from Hypericum perforatum Linn -- chapter 11. Hyperforin-acylpholoroglucinol with significant antidepressant potential -- chapter 12. A survey of Indian medicinal plants for alkaloids and pharmacology -- chapter 13. Scientifically validated and novel anti-arthritic Ayurvedic drugs -- chapter 14. Rajpatha-ethno medicine of controversial origin -- chapter 15. Phytopharmacology of Indian Nootropic Convolvulus plauricaulis L. -- chapter 16. Viscum album Linn. : valuable anticancer herbal drug -- chapter 17. Anti-inflammatory activity of aqueous-ethanolic extract of aerial parts of Artemisia vulgaris Linn. in Spargue Dawley rats -- chapter 18. Pharmacological update of anthrquinones -- chapter 19. Evaluation of novel strategies for the treatment of aluminium-induced dementia in an experimental model -- chapter 20. Acne and natural products -- chapter 21. Composite Ayurvedic formulations.</subfield>
      </datafield>
      <datafield ind1=" " ind2=" " tag="506">
         <subfield code="a">Access restricted to authorized users and institutions.</subfield>
      </datafield>
      <datafield ind1=" " ind2=" " tag="596">
         <subfield code="a">44</subfield>
      </datafield>
      <datafield ind1=" " ind2="0" tag="650">
         <subfield code="a">Herbs</subfield>
         <subfield code="x">Therapeutic use.</subfield>
         <subfield code="0">http://id.loc.gov/authorities/subjects/sh85060354</subfield>
      </datafield>
      <datafield ind1=" " ind2=" " tag="758">
         <subfield code="0">http://worldcat.org/entity/work/id/29166</subfield>
      </datafield>
      <datafield ind1="0" ind2=" " tag="787">
         <subfield code="n">OCLC Work Id</subfield>
         <subfield code="o">http://worldcat.org/entity/work/id/29166</subfield>
      </datafield>
      <datafield ind1="4" ind2="0" tag="856">
         <subfield code="3">University of Alberta Access</subfield>
         <subfield code="u">http://marc.crcnetbase.com/isbn/9781466598614</subfield>
         <subfield code="z">(Unlimited Concurrent Users)</subfield>
      </datafield>
      <datafield ind1=" " ind2=" " tag="949">
         <subfield code="h">UAIN</subfield>
         <subfield code="z">CRC</subfield>
      </datafield>
      <datafield ind1=" " ind2=" " tag="926">
         <subfield code="a">Internet Access</subfield>
         <subfield code="w">LC</subfield>
         <subfield code="c">1</subfield>
         <subfield code="i">6677745-1001</subfield>
         <subfield code="l">INTERNET</subfield>
         <subfield code="m">UAINTERNET</subfield>
         <subfield code="r">Y</subfield>
         <subfield code="s">Y</subfield>
         <subfield code="t">E-RESOURCE</subfield>
         <subfield code="u">9/15/2014</subfield>
         <subfield code="x">E-BOOK</subfield>
         <subfield code="z">CRC</subfield>
      </datafield>
   </record>
</collection>
